@inproceedings{Dala_Paper,
author = {Fernandez-Reyes, Kiko and Gariano, Isaac Oscar and Noble, James and Greenwood-Thessman, Erin and Homer, Michael and Wrigstad, Tobias},
title = {Dala: a simple capability-based dynamic language design for data race-freedom},
year = {2021},
booktitle = {Onward!}
}

@article{shore2004fail,
	title={Fail fast [software debugging]},
	author={Shore, Jim},
	journal={IEEE Software},
	volume={21},
	number={5},
	pages={21--25},
	year={2004},
	publisher={IEEE}
}

@inproceedings{GraceAbsence-Black2012,
    title = {Grace: the Absence of (Inessential) Difficulty},
    booktitle = {Onwards!},
    year = 2012,
    doi = "10.1145/2384592.2384601",
    url = "https://michael.homer.nz/Publications/Onward2012/GraceAbsence-Black2012.pdf",
    author = {Black, Andrew P. and Bruce, Kim B. and Homer, Michael and Noble, James}
}

@inproceedings{DafnyExperience-Noble2024,
    title = {Dafny vs. Dala: Experience with Mechanising Language Design},
    booktitle = {Workshop on Formal Techniques for Java-like Programs},
    author = "James Noble",
    year = 2024,
    doi = "10.1145/3678721.3686228"
}

@inproceedings{lu2008learning,
	title={Learning from mistakes: a comprehensive study on real world concurrency bug characteristics},
	author={Lu, Shan and Park, Soyeon and Seo, Eunsoo and Zhou, Yuanyuan},
	booktitle={Proceedings of the 13th international conference on Architectural support for programming languages and operating systems},
	pages={329--339},
	year={2008}
}

@inproceedings{musuvathi2008finding,
	title={Finding and Reproducing Heisenbugs in Concurrent Programs.},
	author={Musuvathi, Madanlal and Qadeer, Shaz and Ball, Thomas and Basler, Gerard and Nainar, Piramanayagam Arumuga and Neamtiu, Iulian},
	booktitle={OSDI},
	volume={8},
	year={2008}
}

@inproceedings{lin2015jacontebe,
	title={Jacontebe: A benchmark suite of real-world java concurrency bugs (T)},
	author={Lin, Ziyi and Marinov, Darko and Zhong, Hao and Chen, Yuting and Zhao, Jianjun},
	booktitle={2015 30th IEEE/ACM International Conference on Automated Software Engineering (ASE)},
	pages={178--189},
	year={2015},
	organization={IEEE}
}

@article{mastrangelo2015use,
	title={Use at your own risk: The java unsafe api in the wild},
	author={Mastrangelo, Luis and Ponzanelli, Luca and Mocci, Andrea and Lanza, Michele and Hauswirth, Matthias and Nystrom, Nathaniel},
	journal={ACM Sigplan Notices},
	volume={50},
	number={10},
	pages={695--710},
	year={2015},
	publisher={ACMÆ’}
}


@article{bruneton2002asm,
	title={ASM: a code manipulation tool to implement adaptable systems},
	author={Bruneton, Eric and Lenglet, Romain and Coupaye, Thierry},
	journal={Adaptable and extensible component systems},
	volume={30},
	number={19},
	year={2002}
}

@article{mankins1995technology,
	title={Technology readiness levels},
	author={Mankins, John C and others},
	journal={White Paper, April},
	volume={6},
	number={1995},
	pages={1995},
	year={1995}
}

@article{markstrum2010javacop,
	title={JavaCOP: Declarative pluggable types for Java},
	author={Markstrum, Shane and Marino, Daniel and Esquivel, Matthew and Millstein, Todd and Andreae, Chris and Noble, James},
	journal={TOPLAS},
	volume={32},
	number={2},
	pages={1--37},
	year={2010},
	publisher={ACM}
}

@inproceedings{ernst2010building,
	title={Building and using pluggable type systems},
	author={Ernst, Michael D and Ali, Mahmood},
	booktitle={FSE},
	year={2010}
}

@inproceedings{sui2020recall,
	title={On the recall of static call graph construction in practice},
	author={Sui, Li and Dietrich, Jens and Tahir, Amjed and Fourtounis, George},
	booktitle={ICSE},
	year={2020}
}

@article{livshits2015defense,
	title={In defense of soundiness: A manifesto},
	author={Livshits, Benjamin and Sridharan, Manu and Smaragdakis, Yannis and Lhot{\'a}k, Ond{\v{r}}ej and Amaral, J Nelson and Chang, Bor-Yuh Evan and Guyer, Samuel Z and Khedker, Uday P and M{\o}ller, Anders and Vardoulakis, Dimitrios},
	journal={CACM},
	volume={58},
	number={2},
	pages={44--46},
	year={2015}
}

@inproceedings{ernst2003static,
	title={Static and dynamic analysis: Synergy and duality},
	author={Ernst, Michael D},
	booktitle={WODA 2003: ICSE Workshop on Dynamic Analysis},
	pages={24--27},
	year={2003}
}